@ARTICLE{frink1997,
       author = {{Frink}, S. and {R{\"o}ser}, S. and {Neuh{\"a}user}, R. and {Sterzik}, M.~F.},
        title = "{New proper motions of pre-main sequence stars in Taurus-Auriga}",
      journal = {\aap},
     keywords = {Astrophysics},
         year = 1997,
        month = sep,
       volume = {325},
        pages = {613-622},
archivePrefix = {arXiv},
       eprint = {astro-ph/9704281},
 primaryClass = {astro-ph},
       adsurl = {https://ui.adsabs.harvard.edu/abs/1997A&A...325..613F},
      adsnote = {Provided by the SAO/NASA Astrophysics Data System}
}


@ARTICLE{stassun18,
       author = {{Stassun}, Keivan G. and {Oelkers}, Ryan J. and {Pepper}, Joshua and {Paegert}, Martin and {De Lee}, Nathan and {Torres}, Guillermo and {Latham}, David W. and {Charpinet}, St{\'e}phane and {Dressing}, Courtney D. and {Huber}, Daniel and {Kane}, Stephen R. and {L{\'e}pine}, S{\'e}bastien and {Mann}, Andrew and {Muirhead}, Philip S. and {Rojas-Ayala}, B{\'a}rbara and {Silvotti}, Roberto and {Fleming}, Scott W. and {Levine}, Al and {Plavchan}, Peter},
        title = "{The TESS Input Catalog and Candidate Target List}",
      journal = {\aj},
     keywords = {stars: fundamental parameters, Astrophysics - Earth and Planetary Astrophysics, Astrophysics - Solar and Stellar Astrophysics},
         year = 2018,
        month = sep,
       volume = {156},
       number = {3},
          eid = {102},
        pages = {102},
          doi = {10.3847/1538-3881/aad050},
archivePrefix = {arXiv},
       eprint = {1706.00495},
 primaryClass = {astro-ph.EP},
       adsurl = {https://ui.adsabs.harvard.edu/abs/2018AJ....156..102S},
      adsnote = {Provided by the SAO/NASA Astrophysics Data System}
}



@ARTICLE{feinstein20,
       author = {{Feinstein}, Adina D. and {Montet}, Benjamin T. and {Ansdell}, Megan and {Nord}, Brian and {Bean}, Jacob L. and {G{\"u}nther}, Maximilian N. and {Gully-Santiago}, Michael A. and {Schlieder}, Joshua E.},
        title = "{Flare Statistics for Young Stars from a Convolutional Neural Network Analysis of TESS Data}",
      journal = {\aj},
     keywords = {Pre-main sequence stars, Convolutional neural networks, Time series analysis, Stellar activity, Stellar rotation, 1290, 1938, 1916, 1580, 1629, Astrophysics - Solar and Stellar Astrophysics, Astrophysics - Instrumentation and Methods for Astrophysics},
         year = 2020,
        month = nov,
       volume = {160},
       number = {5},
          eid = {219},
        pages = {219},
          doi = {10.3847/1538-3881/abac0a},
archivePrefix = {arXiv},
       eprint = {2005.07710},
 primaryClass = {astro-ph.SR},
       adsurl = {https://ui.adsabs.harvard.edu/abs/2020AJ....160..219F},
      adsnote = {Provided by the SAO/NASA Astrophysics Data System}
}

@ARTICLE{gully17,
       author = {{Gully-Santiago}, Michael A. and {Herczeg}, Gregory J. and {Czekala}, Ian and {Somers}, Garrett and {Grankin}, Konstantin and {Covey}, Kevin R. and {Donati}, J.~F. and {Alencar}, Silvia H.~P. and {Hussain}, Gaitee A.~J. and {Shappee}, Benjamin J. and {Mace}, Gregory N. and {Lee}, Jae-Joon and {Holoien}, T.~W. -S. and {Jose}, Jessy and {Liu}, Chun-Fan},
        title = "{Placing the Spotted T Tauri Star LkCa 4 on an HR Diagram}",
      journal = {\apj},
     keywords = {stars: fundamental parameters, stars: individual: LkCa 4, stars: low-mass, stars: statistics, Astrophysics - Solar and Stellar Astrophysics, Astrophysics - Instrumentation and Methods for Astrophysics},
         year = 2017,
        month = feb,
       volume = {836},
       number = {2},
          eid = {200},
        pages = {200},
          doi = {10.3847/1538-4357/836/2/200},
archivePrefix = {arXiv},
       eprint = {1701.06703},
 primaryClass = {astro-ph.SR},
       adsurl = {https://ui.adsabs.harvard.edu/abs/2017ApJ...836..200G},
      adsnote = {Provided by the SAO/NASA Astrophysics Data System}
}

@ARTICLE{grankin99,
       author = {{Grankin}, K.~N.},
        title = "{Evolution of the light curve of V410 Tau during 1986-1997}",
      journal = {Astronomy Letters},
         year = 1999,
        month = aug,
       volume = {25},
       number = {8},
        pages = {526-535},
       adsurl = {https://ui.adsabs.harvard.edu/abs/1999AstL...25..526G},
      adsnote = {Provided by the SAO/NASA Astrophysics Data System}
}


@ARTICLE{David2019a,
       author = {{David}, Trevor J. and {Petigura}, Erik A. and {Luger}, Rodrigo and {Foreman-Mackey}, Daniel and {Livingston}, John H. and {Mamajek}, Eric E. and {Hillenbrand}, Lynne A.},
        title = "{Four Newborn Planets Transiting the Young Solar Analog V1298 Tau}",
      journal = {\apjl},
     keywords = {Exoplanets, Exoplanet astronomy, Exoplanet evolution, Transit photometry, Planetary system formation, Weak-line T Tauri stars, Young star clusters, 498, 486, 491, 1709, 1257, 1795, 1833, Astrophysics - Earth and Planetary Astrophysics, Astrophysics - Solar and Stellar Astrophysics},
         year = 2019,
        month = nov,
       volume = {885},
       number = {1},
          eid = {L12},
        pages = {L12},
          doi = {10.3847/2041-8213/ab4c99},
archivePrefix = {arXiv},
       eprint = {1910.04563},
 primaryClass = {astro-ph.EP},
       adsurl = {https://ui.adsabs.harvard.edu/abs/2019ApJ...885L..12D},
      adsnote = {Provided by the SAO/NASA Astrophysics Data System}
}

@ARTICLE{David2019b,
       author = {{David}, Trevor J. and {Cody}, Ann Marie and {Hedges}, Christina L. and {Mamajek}, Eric E. and {Hillenbrand}, Lynne A. and {Ciardi}, David R. and {Beichman}, Charles A. and {Petigura}, Erik A. and {Fulton}, Benjamin J. and {Isaacson}, Howard T. and {Howard}, Andrew W. and {Gagn{\'e}}, Jonathan and {Saunders}, Nicholas K. and {Rebull}, Luisa M. and {Stauffer}, John R. and {Vasisht}, Gautam and {Hinkley}, Sasha},
        title = "{A Warm Jupiter-sized Planet Transiting the Pre-main-sequence Star V1298 Tau}",
      journal = {\aj},
     keywords = {open clusters and associations: individual: Group 29, Taurus{\textendash}Auriga, planets and satellites: gaseous planets, planets and satellites: physical evolution, stars: individual: V1298 Tau, stars: pre-main sequence, Astrophysics - Earth and Planetary Astrophysics, Astrophysics - Solar and Stellar Astrophysics},
         year = 2019,
        month = aug,
       volume = {158},
       number = {2},
          eid = {79},
        pages = {79},
          doi = {10.3847/1538-3881/ab290f},
archivePrefix = {arXiv},
       eprint = {1902.09670},
 primaryClass = {astro-ph.EP},
       adsurl = {https://ui.adsabs.harvard.edu/abs/2019AJ....158...79D},
      adsnote = {Provided by the SAO/NASA Astrophysics Data System}
}

@ARTICLE{Newton2019,
       author = {{Newton}, Elisabeth R. and {Mann}, Andrew W. and {Tofflemire}, Benjamin M. and {Pearce}, Logan and {Rizzuto}, Aaron C. and {Vanderburg}, Andrew and {Martinez}, Raquel A. and {Wang}, Jason J. and {Ruffio}, Jean-Baptiste and {Kraus}, Adam L. and {Johnson}, Marshall C. and {Thao}, Pa Chia and {Wood}, Mackenna L. and {Rampalli}, Rayna and {Nielsen}, Eric L. and {Collins}, Karen A. and {Dragomir}, Diana and {Hellier}, Coel and {Anderson}, D.~R. and {Barclay}, Thomas and {Brown}, Carolyn and {Feiden}, Gregory and {Hart}, Rhodes and {Isopi}, Giovanni and {Kielkopf}, John F. and {Mallia}, Franco and {Nelson}, Peter and {Rodriguez}, Joseph E. and {Stockdale}, Chris and {Waite}, Ian A. and {Wright}, Duncan J. and {Lissauer}, Jack J. and {Ricker}, George R. and {Vanderspek}, Roland and {Latham}, David W. and {Seager}, S. and {Winn}, Joshua N. and {Jenkins}, Jon M. and {Bouma}, Luke G. and {Burke}, Christopher J. and {Davies}, Misty and {Fausnaugh}, Michael and {Li}, Jie and {Morris}, Robert L. and {Mukai}, Koji and {Villase{\~n}or}, Joel and {Villeneuva}, Steven and {De Rosa}, Robert J. and {Macintosh}, Bruce and {Mengel}, Matthew W. and {Okumura}, Jack and {Wittenmyer}, Robert A.},
        title = "{TESS Hunt for Young and Maturing Exoplanets (THYME): A Planet in the 45 Myr Tucana-Horologium Association}",
      journal = {\apjl},
     keywords = {open clusters and associations: individual: Tucana-Horologium, planets and satellites: detection, planets and satellites: individual: HD 222259A, planets and satellites: individual: TIC 410214986, planets and satellites: individual: TOI 200.01, Astrophysics - Earth and Planetary Astrophysics, Astrophysics - Solar and Stellar Astrophysics},
         year = 2019,
        month = jul,
       volume = {880},
       number = {1},
          eid = {L17},
        pages = {L17},
          doi = {10.3847/2041-8213/ab2988},
archivePrefix = {arXiv},
       eprint = {1906.10703},
 primaryClass = {astro-ph.EP},
       adsurl = {https://ui.adsabs.harvard.edu/abs/2019ApJ...880L..17N},
      adsnote = {Provided by the SAO/NASA Astrophysics Data System}
}

@ARTICLE{Newton2021,
       author = {{Newton}, Elisabeth R. and {Mann}, Andrew W. and {Kraus}, Adam L. and {Livingston}, John H. and {Vanderburg}, Andrew and {Curtis}, Jason L. and {Thao}, Pa Chia and {Hawkins}, Keith and {Wood}, Mackenna L. and {Rizzuto}, Aaron C. and {Soubkiou}, Abderahmane and {Tofflemire}, Benjamin M. and {Zhou}, George and {Crossfield}, Ian J.~M. and {Pearce}, Logan A. and {Collins}, Karen A. and {Conti}, Dennis M. and {Tan}, Thiam-Guan and {Villeneuva}, Steven and {Spencer}, Alton and {Dragomir}, Diana and {Quinn}, Samuel N. and {Jensen}, Eric L.~N. and {Collins}, Kevin I. and {Stockdale}, Chris and {Cloutier}, Ryan and {Hellier}, Coel and {Benkhaldoun}, Zouhair and {Ziegler}, Carl and {Brice{\~n}o}, C{\'e}sar and {Law}, Nicholas and {Benneke}, Bj{\"o}rn and {Christiansen}, Jessie L. and {Gorjian}, Varoujan and {Kane}, Stephen R. and {Kreidberg}, Laura and {Morales}, Farisa Y. and {Werner}, Michael W. and {Twicken}, Joseph D. and {Levine}, Alan M. and {Ciardi}, David R. and {Guerrero}, Natalia M. and {Hesse}, Katharine and {Quintana}, Elisa V. and {Shiao}, Bernie and {Smith}, Jeffrey C. and {Torres}, Guillermo and {Ricker}, George R. and {Vanderspek}, Roland and {Seager}, Sara and {Winn}, Joshua N. and {Jenkins}, Jon M. and {Latham}, David W.},
        title = "{TESS Hunt for Young and Maturing Exoplanets (THYME). IV. Three Small Planets Orbiting a 120 Myr Old Star in the Pisces-Eridanus Stream}",
      journal = {\aj},
     keywords = {Exoplanet astronomy, Exoplanet evolution, Exoplanet systems, Young star clusters, Stellar activity, 486, 491, 484, 1833, 1580, Astrophysics - Earth and Planetary Astrophysics, Astrophysics - Solar and Stellar Astrophysics},
         year = 2021,
        month = feb,
       volume = {161},
       number = {2},
          eid = {65},
        pages = {65},
          doi = {10.3847/1538-3881/abccc6},
archivePrefix = {arXiv},
       eprint = {2102.06049},
 primaryClass = {astro-ph.EP},
       adsurl = {https://ui.adsabs.harvard.edu/abs/2021AJ....161...65N},
      adsnote = {Provided by the SAO/NASA Astrophysics Data System}
}

@ARTICLE{Mann2020,
       author = {{Mann}, Andrew W. and {Johnson}, Marshall C. and {Vanderburg}, Andrew and {Kraus}, Adam L. and {Rizzuto}, Aaron C. and {Wood}, Mackenna L. and {Bush}, Jonathan L. and {Rockcliffe}, Keighley and {Newton}, Elisabeth R. and {Latham}, David W. and {Mamajek}, Eric E. and {Zhou}, George and {Quinn}, Samuel N. and {Thao}, Pa Chia and {Benatti}, Serena and {Cosentino}, Rosario and {Desidera}, Silvano and {Harutyunyan}, Avet and {Lovis}, Christophe and {Mortier}, Annelies and {Pepe}, Francesco A. and {Poretti}, Ennio and {Wilson}, Thomas G. and {Kristiansen}, Martti H. and {Gagliano}, Robert and {Jacobs}, Thomas and {LaCourse}, Daryll M. and {Omohundro}, Mark and {Schwengeler}, Hans Martin and {Terentev}, Ivan A. and {Kane}, Stephen R. and {Hill}, Michelle L. and {Rabus}, Markus and {Esquerdo}, Gilbert A. and {Berlind}, Perry and {Collins}, Karen A. and {Murawski}, Gabriel and {Sallam}, Nezar Hazam and {Aitken}, Michael M. and {Massey}, Bob and {Ricker}, George R. and {Vanderspek}, Roland and {Seager}, Sara and {Winn}, Joshua N. and {Jenkins}, Jon M. and {Barclay}, Thomas and {Caldwell}, Douglas A. and {Dragomir}, Diana and {Doty}, John P. and {Glidden}, Ana and {Tenenbaum}, Peter and {Torres}, Guillermo and {Twicken}, Joseph D. and {Villanueva}, Steven, Jr.},
        title = "{TESS Hunt for Young and Maturing Exoplanets (THYME). III. A Two-planet System in the 400 Myr Ursa Major Group}",
      journal = {\aj},
     keywords = {Young star clusters, Exoplanet evolution, Transits, Exoplanet astronomy, Stellar activity, Stellar rotation, Exoplanet dynamics, 1833, 491, 1711, 486, 1580, 1629, 490, Astrophysics - Earth and Planetary Astrophysics, Astrophysics - Solar and Stellar Astrophysics},
         year = 2020,
        month = oct,
       volume = {160},
       number = {4},
          eid = {179},
        pages = {179},
          doi = {10.3847/1538-3881/abae64},
archivePrefix = {arXiv},
       eprint = {2005.00047},
 primaryClass = {astro-ph.EP},
       adsurl = {https://ui.adsabs.harvard.edu/abs/2020AJ....160..179M},
      adsnote = {Provided by the SAO/NASA Astrophysics Data System}
}

@ARTICLE{Rizzuto2020,
       author = {{Rizzuto}, Aaron C. and {Newton}, Elisabeth R. and {Mann}, Andrew W. and {Tofflemire}, Benjamin M. and {Vanderburg}, Andrew and {Kraus}, Adam L. and {Wood}, Mackenna L. and {Quinn}, Samuel N. and {Zhou}, George and {Thao}, Pa Chia and {Law}, Nicholas M. and {Ziegler}, Carl and {Brice{\~n}o}, C{\'e}sar},
        title = "{TESS Hunt for Young and Maturing Exoplanets (THYME). II. A 17 Myr Old Transiting Hot Jupiter in the Sco-Cen Association}",
      journal = {\aj},
     keywords = {1711, 1833, 1567, 491, 486, Astrophysics - Earth and Planetary Astrophysics, Astrophysics - Solar and Stellar Astrophysics},
         year = 2020,
        month = jul,
       volume = {160},
       number = {1},
          eid = {33},
        pages = {33},
          doi = {10.3847/1538-3881/ab94b7},
archivePrefix = {arXiv},
       eprint = {2005.00013},
 primaryClass = {astro-ph.EP},
       adsurl = {https://ui.adsabs.harvard.edu/abs/2020AJ....160...33R},
      adsnote = {Provided by the SAO/NASA Astrophysics Data System}
}


@ARTICLE{Hedges2021,
       author = {{Hedges}, Christina and {Hughes}, Alex and {Zhou}, George and {David}, Trevor J. and {Becker}, Juliette and {Giacalone}, Steven and {Vanderburg}, Andrew and {Rodriguez}, Joseph E. and {Bieryla}, Allyson and {Wirth}, Christopher and {Atherton}, Shaun and {Fetherolf}, Tara and {Collins}, Karen A. and {Price-Whelan}, Adrian M. and {Bedell}, Megan and {Quinn}, Samuel N. and {Gan}, Tianjun and {Ricker}, George R. and {Latham}, David W. and {Vanderspek}, Roland K. and {Seager}, Sara and {Winn}, Joshua N. and {Jenkins}, Jon M. and {Kielkopf}, John F. and {Schwarz}, Richard P. and {Dressing}, Courtney D. and {Gonzales}, Erica J. and {Crossfield}, Ian J.~M. and {Matthews}, Elisabeth C. and {Jensen}, Eric L.~N. and {Furlan}, Elise and {Gnilka}, Crystal L. and {Howell}, Steve B. and {Lester}, Kathryn V. and {Scott}, Nicholas J. and {Feliz}, Dax L. and {Lund}, Michael B. and {Siverd}, Robert J. and {Stevens}, Daniel J. and {Narita}, N. and {Fukui}, A. and {Murgas}, F. and {Palle}, Enric and {Sutton}, Phil J. and {Stassun}, Keivan G. and {Bouma}, Luke G. and {Vezie}, Michael and {Villase{\~n}or}, Jesus Noel and {Quintana}, Elisa V. and {Smith}, Jeffrey C.},
        title = "{TOI-2076 and TOI-1807: Two Young, Comoving Planetary Systems within 50 pc Identified by TESS that are Ideal Candidates for Further Follow Up}",
      journal = {\aj},
     keywords = {Exoplanets, Transits, Time series analysis, 498, 1711, 1916},
         year = 2021,
        month = aug,
       volume = {162},
       number = {2},
          eid = {54},
        pages = {54},
          doi = {10.3847/1538-3881/ac06cd},
       adsurl = {https://ui.adsabs.harvard.edu/abs/2021AJ....162...54H},
      adsnote = {Provided by the SAO/NASA Astrophysics Data System}
}

@ARTICLE{Bouma2020,
       author = {{Bouma}, L.~G. and {Hartman}, J.~D. and {Brahm}, R. and {Evans}, P. and {Collins}, K.~A. and {Zhou}, G. and {Sarkis}, P. and {Quinn}, S.~N. and {de Leon}, J. and {Livingston}, J. and {Bergmann}, C. and {Stassun}, K.~G. and {Bhatti}, W. and {Winn}, J.~N. and {Bakos}, G. {\'A}. and {Abe}, L. and {Crouzet}, N. and {Dransfield}, G. and {Guillot}, T. and {Marie-Sainte}, W. and {M{\'e}karnia}, D. and {Triaud}, A.~H.~M.~J. and {Tinney}, C.~G. and {Henning}, T. and {Espinoza}, N. and {Jord{\'a}n}, A. and {Barbieri}, M. and {Nandakumar}, S. and {Trifonov}, T. and {Vines}, J.~I. and {Vuckovic}, M. and {Ziegler}, C. and {Law}, N. and {Mann}, A.~W. and {Ricker}, G.~R. and {Vanderspek}, R. and {Seager}, S. and {Jenkins}, J.~M. and {Burke}, C.~J. and {Dragomir}, D. and {Levine}, A.~M. and {Quintana}, E.~V. and {Rodriguez}, J.~E. and {Smith}, J.~C. and {Wohler}, B.},
        title = "{Cluster Difference Imaging Photometric Survey. II. TOI 837: A Young Validated Planet in IC 2602}",
      journal = {\aj},
     keywords = {Exoplanets, Transits, Exoplanet evolution, Stellar ages, Young star clusters, 498, 1711, 491, 1581, 1833, Astrophysics - Earth and Planetary Astrophysics, Astrophysics - Solar and Stellar Astrophysics},
         year = 2020,
        month = nov,
       volume = {160},
       number = {5},
          eid = {239},
        pages = {239},
          doi = {10.3847/1538-3881/abb9ab},
archivePrefix = {arXiv},
       eprint = {2009.07845},
 primaryClass = {astro-ph.EP},
       adsurl = {https://ui.adsabs.harvard.edu/abs/2020AJ....160..239B},
      adsnote = {Provided by the SAO/NASA Astrophysics Data System}
}


@ARTICLE{Nardiello2020,
       author = {{Nardiello}, D. and {Piotto}, G. and {Deleuil}, M. and {Malavolta}, L. and {Montalto}, M. and {Bedin}, L.~R. and {Borsato}, L. and {Granata}, V. and {Libralato}, M. and {Manthopoulou}, E.~E.},
        title = "{A PSF-based Approach to TESS High quality data Of Stellar clusters (PATHOS) - II. Search for exoplanets in open clusters of the Southern ecliptic hemisphere and their frequency}",
      journal = {\mnras},
     keywords = {open clusters and associations: general, techniques: photometric, techniques: image processing, planetary systems, Astrophysics - Earth and Planetary Astrophysics, Astrophysics - Astrophysics of Galaxies, Astrophysics - Solar and Stellar Astrophysics},
         year = 2020,
        month = jul,
       volume = {495},
       number = {4},
        pages = {4924-4942},
          doi = {10.1093/mnras/staa1465},
archivePrefix = {arXiv},
       eprint = {2005.12281},
 primaryClass = {astro-ph.EP},
       adsurl = {https://ui.adsabs.harvard.edu/abs/2020MNRAS.495.4924N},
      adsnote = {Provided by the SAO/NASA Astrophysics Data System}
}

@ARTICLE{dfm17,
       author = {{Foreman-Mackey}, Daniel and {Agol}, Eric and {Ambikasaran}, Sivaram and {Angus}, Ruth},
        title = "{Fast and Scalable Gaussian Process Modeling with Applications to Astronomical Time Series}",
      journal = {\aj},
     keywords = {asteroseismology, methods: data analysis, methods: statistical, planetary systems, stars: rotation, Astrophysics - Instrumentation and Methods for Astrophysics, Astrophysics - Earth and Planetary Astrophysics, Astrophysics - Solar and Stellar Astrophysics, Physics - Data Analysis, Statistics and Probability, Statistics - Applications},
         year = 2017,
        month = dec,
       volume = {154},
       number = {6},
          eid = {220},
        pages = {220},
          doi = {10.3847/1538-3881/aa9332},
archivePrefix = {arXiv},
       eprint = {1703.09710},
 primaryClass = {astro-ph.IM},
       adsurl = {https://ui.adsabs.harvard.edu/abs/2017AJ....154..220F},
      adsnote = {Provided by the SAO/NASA Astrophysics Data System}
}



@ARTICLE{kipping13,
       author = {{Kipping}, David M.},
        title = "{Efficient, uninformative sampling of limb darkening coefficients for two-parameter laws}",
      journal = {\mnras},
     keywords = {methods: analytical, stars: atmospheres, Astrophysics - Solar and Stellar Astrophysics, Astrophysics - Earth and Planetary Astrophysics},
         year = 2013,
        month = nov,
       volume = {435},
       number = {3},
        pages = {2152-2160},
          doi = {10.1093/mnras/stt1435},
archivePrefix = {arXiv},
       eprint = {1308.0009},
 primaryClass = {astro-ph.SR},
       adsurl = {https://ui.adsabs.harvard.edu/abs/2013MNRAS.435.2152K},
      adsnote = {Provided by the SAO/NASA Astrophysics Data System}
}



@ARTICLE{Kreidberg15,
       author = {{Kreidberg}, Laura},
        title = "{batman: BAsic Transit Model cAlculatioN in Python}",
      journal = {\pasp},
     keywords = {Astrophysics - Earth and Planetary Astrophysics},
         year = 2015,
        month = nov,
       volume = {127},
       number = {957},
        pages = {1161},
          doi = {10.1086/683602},
archivePrefix = {arXiv},
       eprint = {1507.08285},
 primaryClass = {astro-ph.EP},
       adsurl = {https://ui.adsabs.harvard.edu/abs/2015PASP..127.1161K},
      adsnote = {Provided by the SAO/NASA Astrophysics Data System}
}



@MISC{Salvatier16,
       author = {{Salvatier}, John and {Wiecki}, Thomas V. and {Fonnesbeck}, Christopher},
        title = "{PyMC3: Python probabilistic programming framework}",
     keywords = {Software},
         year = 2016,
        month = oct,
          eid = {ascl:1610.016},
        pages = {ascl:1610.016},
archivePrefix = {ascl},
       eprint = {1610.016},
       adsurl = {https://ui.adsabs.harvard.edu/abs/2016ascl.soft10016S},
      adsnote = {Provided by the SAO/NASA Astrophysics Data System}
}



@ARTICLE{Nardiello2021,
       author = {{Nardiello}, D. and {Deleuil}, M. and {Mantovan}, G. and {Malavolta}, L. and {Lacedelli}, G. and {Libralato}, M. and {Bedin}, L.~R. and {Borsato}, L. and {Granata}, V. and {Piotto}, G.},
        title = "{A PSF-based Approach to TESS High quality data Of Stellar clusters (PATHOS) - IV. Candidate exoplanets around stars in open clusters: frequency and age-planetary radius distribution}",
      journal = {\mnras},
     keywords = {techniques: image processing, techniques: photometric, planets and satellites: general, stars: variables: general, open clusters and associations: general, Astrophysics - Earth and Planetary Astrophysics, Astrophysics - Solar and Stellar Astrophysics},
         year = 2021,
        month = aug,
       volume = {505},
       number = {3},
        pages = {3767-3784},
          doi = {10.1093/mnras/stab1497},
archivePrefix = {arXiv},
       eprint = {2105.09952},
 primaryClass = {astro-ph.EP},
       adsurl = {https://ui.adsabs.harvard.edu/abs/2021MNRAS.505.3767N},
      adsnote = {Provided by the SAO/NASA Astrophysics Data System}
}

@ARTICLE{Ricker2015,
       author = {{Ricker}, George R. and {Winn}, Joshua N. and {Vanderspek}, Roland and {Latham}, David W. and {Bakos}, G{\'a}sp{\'a}r {\'A}. and {Bean}, Jacob L. and {Berta-Thompson}, Zachory K. and {Brown}, Timothy M. and {Buchhave}, Lars and {Butler}, Nathaniel R. and {Butler}, R. Paul and {Chaplin}, William J. and {Charbonneau}, David and {Christensen-Dalsgaard}, J{\o}rgen and {Clampin}, Mark and {Deming}, Drake and {Doty}, John and {De Lee}, Nathan and {Dressing}, Courtney and {Dunham}, Edward W. and {Endl}, Michael and {Fressin}, Francois and {Ge}, Jian and {Henning}, Thomas and {Holman}, Matthew J. and {Howard}, Andrew W. and {Ida}, Shigeru and {Jenkins}, Jon M. and {Jernigan}, Garrett and {Johnson}, John Asher and {Kaltenegger}, Lisa and {Kawai}, Nobuyuki and {Kjeldsen}, Hans and {Laughlin}, Gregory and {Levine}, Alan M. and {Lin}, Douglas and {Lissauer}, Jack J. and {MacQueen}, Phillip and {Marcy}, Geoffrey and {McCullough}, Peter R. and {Morton}, Timothy D. and {Narita}, Norio and {Paegert}, Martin and {Palle}, Enric and {Pepe}, Francesco and {Pepper}, Joshua and {Quirrenbach}, Andreas and {Rinehart}, Stephen A. and {Sasselov}, Dimitar and {Sato}, Bun'ei and {Seager}, Sara and {Sozzetti}, Alessandro and {Stassun}, Keivan G. and {Sullivan}, Peter and {Szentgyorgyi}, Andrew and {Torres}, Guillermo and {Udry}, Stephane and {Villasenor}, Joel},
        title = "{Transiting Exoplanet Survey Satellite (TESS)}",
      journal = {Journal of Astronomical Telescopes, Instruments, and Systems},
         year = 2015,
        month = jan,
       volume = {1},
          eid = {014003},
        pages = {014003},
          doi = {10.1117/1.JATIS.1.1.014003},
       adsurl = {https://ui.adsabs.harvard.edu/abs/2015JATIS...1a4003R},
      adsnote = {Provided by the SAO/NASA Astrophysics Data System}
}

@ARTICLE{benatti19,
       author = {{Benatti}, S. and {Nardiello}, D. and {Malavolta}, L. and {Desidera}, S. and {Borsato}, L. and {Nascimbeni}, V. and {Damasso}, M. and {D'Orazi}, V. and {Mesa}, D. and {Messina}, S. and {Esposito}, M. and {Bignamini}, A. and {Claudi}, R. and {Covino}, E. and {Lovis}, C. and {Sabotta}, S.},
        title = "{A possibly inflated planet around the bright young star DS Tucanae A}",
      journal = {\aap},
     keywords = {planets and satellites: fundamental parameters, techniques: photometric, techniques: spectroscopic, techniques: radial velocities, techniques: imaging spectroscopy, stars: individual: DS Tuc A, Astrophysics - Solar and Stellar Astrophysics, Astrophysics - Earth and Planetary Astrophysics},
         year = 2019,
        month = oct,
       volume = {630},
          eid = {A81},
        pages = {A81},
          doi = {10.1051/0004-6361/201935598},
archivePrefix = {arXiv},
       eprint = {1904.01591},
 primaryClass = {astro-ph.SR},
       adsurl = {https://ui.adsabs.harvard.edu/abs/2019A&A...630A..81B},
      adsnote = {Provided by the SAO/NASA Astrophysics Data System}
}

@INPROCEEDINGS{jenkinsSPOC2016,
   author = {{Jenkins}, J.~M. and {Twicken}, J.~D. and {McCauliff}, S. and
                {Campbell}, J. and {Sanderfer}, D. and {Lung}, D. and {Mansouri-Samani}, M. and
                {Girouard}, F. and {Tenenbaum}, P. and {Klaus}, T. and {Smith}, J.~C. and
                {Caldwell}, D.~A. and {Chacon}, A.~D. and {Henze}, C. and {Heiges}, C. and
                {Latham}, D.~W. and {Morgan}, E. and {Swade}, D. and {Rinehart}, S. and
                {Vanderspek}, R.},
    title = "{The TESS science processing operations center}",
booktitle = {Software and Cyberinfrastructure for Astronomy IV},
     year = 2016,
   series = {\procspie},
   volume = 9913,
    month = aug,
      eid = {99133E},
    pages = {99133E},
      doi = {10.1117/12.2233418},
   adsurl = {https://ui.adsabs.harvard.edu/abs/2016SPIE.9913E..3EJ},
  adsnote = {Provided by the SAO/NASA Astrophysics Data System}
}

@ARTICLE{fausnaugh20,
       author = {{Fausnaugh}, Michael M. and {Burke}, Christopher J. and {Ricker}, George R. and {Vanderspek}, Roland},
        title = "{Calibrated Full-frame Images for the TESS Quick Look Pipeline}",
      journal = {Research Notes of the American Astronomical Society},
     keywords = {Astronomy data reduction, Astronomy data analysis, 1861, 1858},
         year = 2020,
        month = dec,
       volume = {4},
       number = {12},
          eid = {251},
        pages = {251},
          doi = {10.3847/2515-5172/abd63a},
       adsurl = {https://ui.adsabs.harvard.edu/abs/2020RNAAS...4..251F},
      adsnote = {Provided by the SAO/NASA Astrophysics Data System}
}



@ARTICLE{Feinstein21,
       author = {{Feinstein}, Adina~D. and {Montet}, Benjamin~T. and {Johnson}, Marshall~C. and {Bean}, Jacob~L. and {David}, Trevor~J. and {Gully-Santiago}, Michael and {Livingston}, John~H. and {Luger}, Rodrigo},
        title = "{H-alpha and Ca II Infrared Triplet Variations During a Transit of the 23 Myr Planet V1298 Tau c}",
      journal = {arXiv e-prints},
     keywords = {Astrophysics - Earth and Planetary Astrophysics},
         year = 2021,
        month = aug,
          eid = {arXiv:2107.01213},
        pages = {arXiv:2107.01213},
archivePrefix = {arXiv},
       eprint = {2107.01213},
 primaryClass = {astro-ph.EP},
       adsurl = {https://ui.adsabs.harvard.edu/abs/2021arXiv210701213V},
      adsnote = {Provided by the SAO/NASA Astrophysics Data System}
}

@ARTICLE{Plavchan2020,
       author = {{Plavchan}, Peter and {Barclay}, Thomas and {Gagn{\'e}}, Jonathan and {Gao}, Peter and {Cale}, Bryson and {Matzko}, William and {Dragomir}, Diana and {Quinn}, Sam and {Feliz}, Dax and {Stassun}, Keivan and {Crossfield}, Ian J.~M. and {Berardo}, David A. and {Latham}, David W. and {Tieu}, Ben and {Anglada-Escud{\'e}}, Guillem and {Ricker}, George and {Vanderspek}, Roland and {Seager}, Sara and {Winn}, Joshua N. and {Jenkins}, Jon M. and {Rinehart}, Stephen and {Krishnamurthy}, Akshata and {Dynes}, Scott and {Doty}, John and {Adams}, Fred and {Afanasev}, Dennis A. and {Beichman}, Chas and {Bottom}, Mike and {Bowler}, Brendan P. and {Brinkworth}, Carolyn and {Brown}, Carolyn J. and {Cancino}, Andrew and {Ciardi}, David R. and {Clampin}, Mark and {Clark}, Jake T. and {Collins}, Karen and {Davison}, Cassy and {Foreman-Mackey}, Daniel and {Furlan}, Elise and {Gaidos}, Eric J. and {Geneser}, Claire and {Giddens}, Frank and {Gilbert}, Emily and {Hall}, Ryan and {Hellier}, Coel and {Henry}, Todd and {Horner}, Jonathan and {Howard}, Andrew W. and {Huang}, Chelsea and {Huber}, Joseph and {Kane}, Stephen R. and {Kenworthy}, Matthew and {Kielkopf}, John and {Kipping}, David and {Klenke}, Chris and {Kruse}, Ethan and {Latouf}, Natasha and {Lowrance}, Patrick and {Mennesson}, Bertrand and {Mengel}, Matthew and {Mills}, Sean M. and {Morton}, Tim and {Narita}, Norio and {Newton}, Elisabeth and {Nishimoto}, America and {Okumura}, Jack and {Palle}, Enric and {Pepper}, Joshua and {Quintana}, Elisa V. and {Roberge}, Aki and {Roccatagliata}, Veronica and {Schlieder}, Joshua E. and {Tanner}, Angelle and {Teske}, Johanna and {Tinney}, C.~G. and {Vanderburg}, Andrew and {von Braun}, Kaspar and {Walp}, Bernie and {Wang}, Jason and {Wang}, Sharon Xuesong and {Weigand}, Denise and {White}, Russel and {Wittenmyer}, Robert A. and {Wright}, Duncan J. and {Youngblood}, Allison and {Zhang}, Hui and {Zilberman}, Perri},
        title = "{A planet within the debris disk around the pre-main-sequence star AU Microscopii}",
      journal = {\nat},
     keywords = {Astrophysics - Earth and Planetary Astrophysics, Astrophysics - Solar and Stellar Astrophysics},
         year = 2020,
        month = jun,
       volume = {582},
       number = {7813},
        pages = {497-500},
          doi = {10.1038/s41586-020-2400-z},
archivePrefix = {arXiv},
       eprint = {2006.13248},
 primaryClass = {astro-ph.EP},
       adsurl = {https://ui.adsabs.harvard.edu/abs/2020Natur.582..497P},
      adsnote = {Provided by the SAO/NASA Astrophysics Data System}
}

@ARTICLE{Howell2014,
       author = {{Howell}, Steve B. and {Sobeck}, Charlie and {Haas}, Michael and {Still}, Martin and {Barclay}, Thomas and {Mullally}, Fergal and {Troeltzsch}, John and {Aigrain}, Suzanne and {Bryson}, Stephen T. and {Caldwell}, Doug and {Chaplin}, William J. and {Cochran}, William D. and {Huber}, Daniel and {Marcy}, Geoffrey W. and {Miglio}, Andrea and {Najita}, Joan R. and {Smith}, Marcie and {Twicken}, J.~D. and {Fortney}, Jonathan J.},
        title = "{The K2 Mission: Characterization and Early Results}",
      journal = {\pasp},
     keywords = {Astrophysics - Instrumentation and Methods for Astrophysics, Astrophysics - Earth and Planetary Astrophysics},
         year = 2014,
        month = apr,
       volume = {126},
       number = {938},
        pages = {398},
          doi = {10.1086/676406},
archivePrefix = {arXiv},
       eprint = {1402.5163},
 primaryClass = {astro-ph.IM},
       adsurl = {https://ui.adsabs.harvard.edu/abs/2014PASP..126..398H},
      adsnote = {Provided by the SAO/NASA Astrophysics Data System}
}

@ARTICLE{Wichmann1996,
       author = {{Wichmann}, R. and {Krautter}, J. and {Schmitt}, J.~H.~M.~M. and {Neuhaeuser}, R. and {Alcala}, J.~M. and {Zinnecker}, H. and {Wagner}, R.~M. and {Mundt}, R. and {Sterzik}, M.~F.},
        title = "{New weak-line T Tauri stars in Taurus-Auriga.}",
      journal = {\aap},
     keywords = {STARS: FORMATION, STARS: LATE-TYPE, STARS: PRE-MAIN SEQUENCE, X-RAYS: STARS, SURVEYS},
         year = 1996,
        month = aug,
       volume = {312},
        pages = {439-454},
       adsurl = {https://ui.adsabs.harvard.edu/abs/1996A&A...312..439W},
      adsnote = {Provided by the SAO/NASA Astrophysics Data System}
}

@ARTICLE{Oh2017,
       author = {{Oh}, Semyeong and {Price-Whelan}, Adrian M. and {Hogg}, David W. and {Morton}, Timothy D. and {Spergel}, David N.},
        title = "{Comoving Stars in Gaia DR1: An Abundance of Very Wide Separation Comoving Pairs}",
      journal = {\aj},
     keywords = {binaries: visual, methods: statistical, open clusters and associations: general, parallaxes, proper motions, stars: formation, Astrophysics - Solar and Stellar Astrophysics, Astrophysics - Astrophysics of Galaxies},
         year = 2017,
        month = jun,
       volume = {153},
       number = {6},
          eid = {257},
        pages = {257},
          doi = {10.3847/1538-3881/aa6ffd},
archivePrefix = {arXiv},
       eprint = {1612.02440},
 primaryClass = {astro-ph.SR},
       adsurl = {https://ui.adsabs.harvard.edu/abs/2017AJ....153..257O},
      adsnote = {Provided by the SAO/NASA Astrophysics Data System}
}

@ARTICLE{Luhman2018,
       author = {{Luhman}, K.~L.},
        title = "{The Stellar Membership of the Taurus Star-forming Region}",
      journal = {\aj},
     keywords = {astrometry, stars: formation, stars: kinematics and dynamics, Astrophysics - Solar and Stellar Astrophysics, Astrophysics - Astrophysics of Galaxies},
         year = 2018,
        month = dec,
       volume = {156},
       number = {6},
          eid = {271},
        pages = {271},
          doi = {10.3847/1538-3881/aae831},
archivePrefix = {arXiv},
       eprint = {1811.01359},
 primaryClass = {astro-ph.SR},
       adsurl = {https://ui.adsabs.harvard.edu/abs/2018AJ....156..271L},
      adsnote = {Provided by the SAO/NASA Astrophysics Data System}
}

@ARTICLE{Schlawin21,
       author = {{Schlawin}, Everett and {Ilyin}, Ilya and {Feinstein}, Adina D. and {Bean}, Jacob and {Huang}, Chenliang and {Gao}, Peter and {Strassmeier}, Klaus and {Poppenhaeger}, Katja},
        title = "{H-{\ensuremath{\alpha}} Variability of V1298 Tau c}",
      journal = {Research Notes of the American Astronomical Society},
     keywords = {Exoplanet atmospheres, Stellar activity, Exoplanet astronomy, 487, 1580, 486, Astrophysics - Earth and Planetary Astrophysics},
         year = 2021,
        month = aug,
       volume = {5},
       number = {8},
          eid = {195},
        pages = {195},
          doi = {10.3847/2515-5172/ac1f2f},
archivePrefix = {arXiv},
       eprint = {2108.08851},
 primaryClass = {astro-ph.EP},
       adsurl = {https://ui.adsabs.harvard.edu/abs/2021RNAAS...5..195S},
      adsnote = {Provided by the SAO/NASA Astrophysics Data System}
}

@ARTICLE{Vissapragada21,
       author = {{Vissapragada}, Shreyas and {Stef{\'a}nsson}, Gu{\dh}mundur and {Greklek-McKeon}, Michael and {Oklopcic}, Antonija and {Knutson}, Heather A. and {Ninan}, Joe P. and {Mahadevan}, Suvrath and {Ca{\~n}as}, Caleb I. and {Chachan}, Yayaati and {Cochran}, William D. and {Collins}, Karen A. and {Dai}, Fei and {David}, Trevor J. and {Halverson}, Samuel and {Hawley}, Suzanne L. and {Hebb}, Leslie and {Kanodia}, Shubham and {Kowalski}, Adam F. and {Livingston}, John H. and {Maney}, Marissa and {Metcalf}, Andrew J. and {Morley}, Caroline and {Ramsey}, Lawrence W. and {Robertson}, Paul and {Roy}, Arpita and {Spake}, Jessica and {Schwab}, Christian and {Terrien}, Ryan C. and {Tinyanont}, Samaporn and {Vasisht}, Gautam and {Wisniewski}, John},
        title = "{A Search for Planetary Metastable Helium Absorption in the V1298 Tau System}",
      journal = {arXiv e-prints},
     keywords = {Astrophysics - Earth and Planetary Astrophysics},
         year = 2021,
        month = aug,
          eid = {arXiv:2108.05358},
        pages = {arXiv:2108.05358},
archivePrefix = {arXiv},
       eprint = {2108.05358},
 primaryClass = {astro-ph.EP},
       adsurl = {https://ui.adsabs.harvard.edu/abs/2021arXiv210805358V},
      adsnote = {Provided by the SAO/NASA Astrophysics Data System}
}



@ARTICLE{Wichmann2000,
       author = {{Wichmann}, R. and {Torres}, G. and {Melo}, C.~H.~F. and {Frink}, S. and {Allain}, S. and {Bouvier}, J. and {Krautter}, J. and {Covino}, E. and {Neuh{\"a}user}, R.},
        title = "{A study of Li-rich stars discovered by ROSAT in Taurus-Auriga}",
      journal = {\aap},
     keywords = {STARS: KINEMATICS, STARS: PRE-MAIN SEQUENCE, STARS: ROTATION, X-RAYS: STARS, GALAXY: OPEN CLUSTERS AND ASSOCIATIONS: INDIVIDUAL: GOLUD BELT},
         year = 2000,
        month = jul,
       volume = {359},
        pages = {181-190},
       adsurl = {https://ui.adsabs.harvard.edu/abs/2000A&A...359..181W},
      adsnote = {Provided by the SAO/NASA Astrophysics Data System}
}



@ARTICLE{Zhou2021,
       author = {{Zhou}, George and {Quinn}, Samuel N. and {Irwin}, Jonathan and {Huang}, Chelsea X. and {Collins}, Karen A. and {Bouma}, Luke G. and {Khan}, Lamisha and {Landrigan}, Anaka and {Vanderburg}, Andrew M. and {Rodriguez}, Joseph E. and {Latham}, David W. and {Torres}, Guillermo and {Douglas}, Stephanie T. and {Bieryla}, Allyson and {Esquerdo}, Gilbert A. and {Berlind}, Perry and {Calkins}, Michael L. and {Buchhave}, Lars A. and {Charbonneau}, David and {Collins}, Kevin I. and {Kielkopf}, John F. and {Jensen}, Eric L.~N. and {Tan}, Thiam-Guan and {Hart}, Rhodes and {Carter}, Brad and {Stockdale}, Christopher and {Ziegler}, Carl and {Law}, Nicholas and {Mann}, Andrew W. and {Howell}, Steve B. and {Matson}, Rachel A. and {Scott}, Nicholas J. and {Furlan}, Elise and {White}, Russel J. and {Hellier}, Coel and {Anderson}, David R. and {West}, Richard G. and {Ricker}, George and {Vanderspek}, Roland and {Seager}, Sara and {Jenkins}, Jon M. and {Winn}, Joshua N. and {Mireles}, Ismael and {Rowden}, Pamela and {Yahalomi}, Daniel A. and {Wohler}, Bill and {Brasseur}, Clara. E. and {Daylan}, Tansu and {Col{\'o}n}, Knicole D.},
        title = "{Two Young Planetary Systems around Field Stars with Ages between 20 and 320 Myr from TESS}",
      journal = {\aj},
     keywords = {Exoplanet evolution, Exoplanets, 491, 498, Astrophysics - Earth and Planetary Astrophysics, Astrophysics - Solar and Stellar Astrophysics},
         year = 2021,
        month = jan,
       volume = {161},
       number = {1},
          eid = {2},
        pages = {2},
          doi = {10.3847/1538-3881/abba22},
archivePrefix = {arXiv},
       eprint = {2011.13349},
 primaryClass = {astro-ph.EP},
       adsurl = {https://ui.adsabs.harvard.edu/abs/2021AJ....161....2Z},
      adsnote = {Provided by the SAO/NASA Astrophysics Data System}
}

@ARTICLE{exoplanet2021,
       author = {{Foreman-Mackey}, Daniel and {Luger}, Rodrigo and {Agol}, Eric and {Barclay}, Thomas and {Bouma}, Luke and {Brandt}, Timothy and {Czekala}, Ian and {David}, Trevor and {Dong}, Jiayin and {Gilbert}, Emily and {Gordon}, Tyler and {Hedges}, Christina and {Hey}, Daniel and {Morris}, Brett and {Price-Whelan}, Adrian and {Savel}, Arjun},
        title = "{exoplanet: Gradient-based probabilistic inference for exoplanet data \& other astronomical time series}",
      journal = {The Journal of Open Source Software},
     keywords = {Python, astronomy, Astrophysics - Instrumentation and Methods for Astrophysics, Astrophysics - Earth and Planetary Astrophysics},
         year = 2021,
        month = jun,
       volume = {6},
       number = {62},
          eid = {3285},
        pages = {3285},
          doi = {10.21105/joss.03285},
archivePrefix = {arXiv},
       eprint = {2105.01994},
 primaryClass = {astro-ph.IM},
       adsurl = {https://ui.adsabs.harvard.edu/abs/2021JOSS....6.3285F},
      adsnote = {Provided by the SAO/NASA Astrophysics Data System}
}

@MISC{exoplanet2019,
       author = {{Foreman-Mackey}, Daniel and {Luger}, Rodrigo and {Agol}, Eric and {Barclay}, Thomas and {Bouma}, Luke G. and {Brandt}, Timothy D. and {Czekala}, Ian and {David}, Trevor J. and {Dong}, Jiayin and {Gilbert}, Emily A. and {Gordon}, Tyler A. and {Hedges}, Christina and {Hey}, Daniel R. and {Morris}, Brett M. and {Price-Whelan}, Adrian M. and {Savel}, Arjun B.},
        title = "{exoplanet: Gradient-based probabilistic inference for exoplanet data \& other astronomical time series}",
         year = 2021,
        month = jun,
          eid = {10.5281/zenodo.1998447},
          doi = {10.5281/zenodo.1998447},
      version = {v0.5.1},
    publisher = {Zenodo},
       adsurl = {https://ui.adsabs.harvard.edu/abs/2019zndo...1998447F},
      adsnote = {Provided by the SAO/NASA Astrophysics Data System}
}

@ARTICLE{Owen2012,
       author = {{Owen}, James E. and {Jackson}, Alan P.},
        title = "{Planetary evaporation by UV \& X-ray radiation: basic hydrodynamics}",
      journal = {\mnras},
     keywords = {Astrophysics, Earth and Planetary Astrophysics, planets and satellites: atmospheres, planets and satellites: physical evolution, ultraviolet: planetary systems, ultraviolet: stars, X-rays: stars, Astrophysics - Earth and Planetary Astrophysics},
         year = 2012,
        month = oct,
       volume = {425},
       number = {4},
        pages = {2931-2947},
          doi = {10.1111/j.1365-2966.2012.21481.x},
archivePrefix = {arXiv},
       eprint = {1206.2367},
 primaryClass = {astro-ph.EP},
       adsurl = {https://ui.adsabs.harvard.edu/abs/2012MNRAS.425.2931O},
      adsnote = {Provided by the SAO/NASA Astrophysics Data System}
}

@ARTICLE{OwenWu2017,
       author = {{Owen}, James E. and {Wu}, Yanqin},
        title = "{The Evaporation Valley in the Kepler Planets}",
      journal = {\apj},
     keywords = {planets and satellites: atmospheres, planets and satellites: composition, planets and satellites: formation, planets and satellites: physical evolution, Astrophysics - Earth and Planetary Astrophysics},
         year = 2017,
        month = sep,
       volume = {847},
       number = {1},
          eid = {29},
        pages = {29},
          doi = {10.3847/1538-4357/aa890a},
archivePrefix = {arXiv},
       eprint = {1705.10810},
 primaryClass = {astro-ph.EP},
       adsurl = {https://ui.adsabs.harvard.edu/abs/2017ApJ...847...29O},
      adsnote = {Provided by the SAO/NASA Astrophysics Data System}
}

@ARTICLE{OwenWu2013,
   author = {{Owen}, J.~E. and {Wu}, Y.},
    title = "{Kepler Planets: A Tale of Evaporation}",
  journal = {\apj},
archivePrefix = "arXiv",
   eprint = {1303.3899},
 primaryClass = "astro-ph.EP",
 keywords = {planets and satellites: composition, planets and satellites: formation, planets and satellites: interiors, planets and satellites: physical evolution },
     year = 2013,
    month = oct,
   volume = 775,
      eid = {105},
    pages = {105},
      doi = {10.1088/0004-637X/775/2/105},
   adsurl = {http://adsabs.harvard.edu/abs/2013ApJ...775..105O},
  adsnote = {Provided by the SAO/NASA Astrophysics Data System}
}

@ARTICLE{Lopez2013,
       author = {{Lopez}, Eric D. and {Fortney}, Jonathan J.},
        title = "{The Role of Core Mass in Controlling Evaporation: The Kepler Radius Distribution and the Kepler-36 Density Dichotomy}",
      journal = {\apj},
     keywords = {planetary systems, planets and satellites: composition, planets and satellites: formation, planets and satellites: physical evolution, stars: individual: Kepler-36, Astrophysics - Earth and Planetary Astrophysics},
         year = 2013,
        month = oct,
       volume = {776},
       number = {1},
          eid = {2},
        pages = {2},
          doi = {10.1088/0004-637X/776/1/2},
archivePrefix = {arXiv},
       eprint = {1305.0269},
 primaryClass = {astro-ph.EP},
       adsurl = {https://ui.adsabs.harvard.edu/abs/2013ApJ...776....2L},
      adsnote = {Provided by the SAO/NASA Astrophysics Data System}
}

@ARTICLE{Ginzburg2016,
       author = {{Ginzburg}, Sivan and {Schlichting}, Hilke E. and {Sari}, Re'em},
        title = "{Super-Earth Atmospheres: Self-consistent Gas Accretion and Retention}",
      journal = {\apj},
     keywords = {planets and satellites: formation, planets and satellites: physical evolution, Astrophysics - Earth and Planetary Astrophysics},
         year = 2016,
        month = jul,
       volume = {825},
       number = {1},
          eid = {29},
        pages = {29},
          doi = {10.3847/0004-637X/825/1/29},
archivePrefix = {arXiv},
       eprint = {1512.07925},
 primaryClass = {astro-ph.EP},
       adsurl = {https://ui.adsabs.harvard.edu/abs/2016ApJ...825...29G},
      adsnote = {Provided by the SAO/NASA Astrophysics Data System}
}

@ARTICLE{Ginzburg2018,
       author = {{Ginzburg}, Sivan and {Schlichting}, Hilke E. and {Sari}, Re'em},
        title = "{Core-powered mass-loss and the radius distribution of small exoplanets}",
      journal = {\mnras},
     keywords = {planets and satellites: atmospheres, planets and satellites: physical evolution, Astrophysics - Earth and Planetary Astrophysics},
         year = 2018,
        month = may,
       volume = {476},
       number = {1},
        pages = {759-765},
          doi = {10.1093/mnras/sty290},
archivePrefix = {arXiv},
       eprint = {1708.01621},
 primaryClass = {astro-ph.EP},
       adsurl = {https://ui.adsabs.harvard.edu/abs/2018MNRAS.476..759G},
      adsnote = {Provided by the SAO/NASA Astrophysics Data System}
}

@ARTICLE{Jin2014,
       author = {{Jin}, Sheng and {Mordasini}, Christoph and {Parmentier}, Vivien and
         {van Boekel}, Roy and {Henning}, Thomas and {Ji}, Jianghui},
        title = "{Planetary Population Synthesis Coupled with Atmospheric Escape: A Statistical View of Evaporation}",
      journal = {\apj},
     keywords = {planets and satellites: atmospheres, planets and satellites: interiors, planets and satellites: physical evolution, Astrophysics - Earth and Planetary Astrophysics},
         year = 2014,
        month = nov,
       volume = {795},
       number = {1},
          eid = {65},
        pages = {65},
          doi = {10.1088/0004-637X/795/1/65},
archivePrefix = {arXiv},
       eprint = {1409.2879},
 primaryClass = {astro-ph.EP},
       adsurl = {https://ui.adsabs.harvard.edu/abs/2014ApJ...795...65J},
      adsnote = {Provided by the SAO/NASA Astrophysics Data System}
}

@ARTICLE{ChenRogers2016,
       author = {{Chen}, Howard and {Rogers}, Leslie A.},
        title = "{Evolutionary Analysis of Gaseous Sub-Neptune-mass Planets with MESA}",
      journal = {\apj},
     keywords = {methods: numerical, planets and satellites: atmospheres, planets and satellites: interiors, planets and satellites: physical evolution, Astrophysics - Earth and Planetary Astrophysics},
         year = 2016,
        month = nov,
       volume = {831},
       number = {2},
          eid = {180},
        pages = {180},
          doi = {10.3847/0004-637X/831/2/180},
archivePrefix = {arXiv},
       eprint = {1603.06596},
 primaryClass = {astro-ph.EP},
       adsurl = {https://ui.adsabs.harvard.edu/abs/2016ApJ...831..180C},
      adsnote = {Provided by the SAO/NASA Astrophysics Data System}
}

@ARTICLE{Krolikowski2021,
       author = {{Krolikowski}, Daniel M. and {Kraus}, Adam L. and {Rizzuto}, Aaron C.},
        title = "{Gaia EDR3 Reveals the Substructure and Complicated Star Formation History of the Greater Taurus-Auriga Star-forming Complex}",
      journal = {\aj},
     keywords = {Star formation, Star-forming regions, 1569, 1565, Astrophysics - Astrophysics of Galaxies, Astrophysics - Solar and Stellar Astrophysics},
         year = 2021,
        month = sep,
       volume = {162},
       number = {3},
          eid = {110},
        pages = {110},
          doi = {10.3847/1538-3881/ac0632},
archivePrefix = {arXiv},
       eprint = {2105.13370},
 primaryClass = {astro-ph.GA},
       adsurl = {https://ui.adsabs.harvard.edu/abs/2021AJ....162..110K},
      adsnote = {Provided by the SAO/NASA Astrophysics Data System}
}

@ARTICLE{Beichman2019,
       author = {{Beichman}, Charles and {Hirano}, Teruyuki and {David}, Trevor J. and {Kotani}, Takayuki and {Hillenbrand}, Lynne A. and {Vasisht}, Gautam and {Ciardi}, David R. and {Harakawa}, Hiroki and {Kudo}, Tomoyuki and {Omiya}, Masashi and {Kuzuhara}, Masayuki and {Tamura}, Motohide},
        title = "{A Mass Limit for the Young Transiting Planet V1298 Tau b}",
      journal = {Research Notes of the American Astronomical Society},
         year = 2019,
        month = jun,
       volume = {3},
       number = {6},
          eid = {89},
        pages = {89},
          doi = {10.3847/2515-5172/ab2c9d},
       adsurl = {https://ui.adsabs.harvard.edu/abs/2019RNAAS...3...89B},
      adsnote = {Provided by the SAO/NASA Astrophysics Data System}
}

@MISC{Desert2021,
       author = {{Desert}, Jean-Michel and {Adhiambo}, Vivian and {Barat}, Saugata and {Baxter}, Claire and {Bean}, Jacob L. and {David}, Trevor and {Fortney}, Jonathan and {Jacobs}, Bob and {Kawashima}, Yui and {Khorshid}, Niloofar and {Line}, Michael and {Livingston}, John and {Oklopcic}, Antonija and {Panwar}, Vatsal and {Parmentier}, Vivien and {Petigura}, Erik and {Pino}, Lorenzo and {Schlichting}, Hilke E. and {Todorov}, Kamen and {Vazan}, Allona},
        title = "{The nature, origin, and fate of two planets of a newborn system through the lens of their relative atmospheric properties}",
 howpublished = {JWST Proposal. Cycle 1},
         year = 2021,
        month = mar,
        pages = {2149},
       adsurl = {https://ui.adsabs.harvard.edu/abs/2021jwst.prop.2149D},
      adsnote = {Provided by the SAO/NASA Astrophysics Data System}
}

@INBOOK{Geweke92,
   author = {{Geweke}, J.},
    articletitle = "{Evaluating the Accuracy of Sampling-Based Approaches to the Calculation of Posterior Moments}",
    title = {Bayesian Statistics IV. Oxford: Clarendon Press},
     year = 1992,
   editor = {{Bernardo}, J.~M.},
    pages = {169},
  adsnote = {Provided by the SAO/NASA Astrophysics Data System}
}

@MISC{lightkurve,
   author = {{Lightkurve Collaboration} and {Cardoso}, J.~V.~d.~M. and
             {Hedges}, C. and {Gully-Santiago}, M. and {Saunders}, N. and
             {Cody}, A.~M. and {Barclay}, T. and {Hall}, O. and
             {Sagear}, S. and {Turtelboom}, E. and {Zhang}, J. and
             {Tzanidakis}, A. and {Mighell}, K. and {Coughlin}, J. and
             {Bell}, K. and {Berta-Thompson}, Z. and {Williams}, P. and
             {Dotson}, J. and {Barentsen}, G.},
    title = "{Lightkurve: Kepler and TESS time series analysis in Python}",
 keywords = {Software, NASA},
howpublished = {Astrophysics Source Code Library},
     year = 2018,
    month = dec,
archivePrefix = "ascl",
   eprint = {1812.013},
   adsurl = {http://adsabs.harvard.edu/abs/2018ascl.soft12013L},
}

@Article{matplotlib,
  Author    = {Hunter, J. D.},
  Title     = {Matplotlib: A 2D graphics environment},
  Journal   = {Computing in Science \& Engineering},
  Volume    = {9},
  Number    = {3},
  Pages     = {90--95},
  abstract  = {Matplotlib is a 2D graphics package used for Python for
  application development, interactive scripting, and publication-quality
  image generation across user interfaces and operating systems.},
  publisher = {IEEE COMPUTER SOC},
  doi       = {10.1109/MCSE.2007.55},
  year      = 2007
}

@ARTICLE{luger19,
       author = {{Luger}, Rodrigo and {Agol}, Eric and {Foreman-Mackey}, Daniel and {Fleming}, David P. and {Lustig-Yaeger}, Jacob and {Deitrick}, Russell},
        title = "{starry: Analytic Occultation Light Curves}",
      journal = {\aj},
     keywords = {eclipses, methods: analytical, occultations, techniques: photometric, Astrophysics - Instrumentation and Methods for Astrophysics, Astrophysics - Earth and Planetary Astrophysics, Astrophysics - Solar and Stellar Astrophysics},
         year = 2019,
        month = feb,
       volume = {157},
       number = {2},
          eid = {64},
        pages = {64},
          doi = {10.3847/1538-3881/aae8e5},
archivePrefix = {arXiv},
       eprint = {1810.06559},
 primaryClass = {astro-ph.IM},
       adsurl = {https://ui.adsabs.harvard.edu/abs/2019AJ....157...64L},
      adsnote = {Provided by the SAO/NASA Astrophysics Data System}
}

@ARTICLE{theano,
       author = {{The Theano Development Team} and {Al-Rfou}, Rami and {Alain}, Guillaume and {Almahairi}, Amjad and {Angermueller}, Christof and {Bahdanau}, Dzmitry and {Ballas}, Nicolas and {Bastien}, Fr{\'e}d{\'e}ric and {Bayer}, Justin and {Belikov}, Anatoly and {Belopolsky}, Alexander and {Bengio}, Yoshua and {Bergeron}, Arnaud and {Bergstra}, James and {Bisson}, Valentin and {Bleecher Snyder}, Josh and {Bouchard}, Nicolas and {Boulanger-Lewandowski}, Nicolas and {Bouthillier}, Xavier and {de Br{\'e}bisson}, Alexandre and {Breuleux}, Olivier and {Carrier}, Pierre-Luc and {Cho}, Kyunghyun and {Chorowski}, Jan and {Christiano}, Paul and {Cooijmans}, Tim and {C{\^o}t{\'e}}, Marc-Alexandre and {C{\^o}t{\'e}}, Myriam and {Courville}, Aaron and {Dauphin}, Yann N. and {Delalleau}, Olivier and {Demouth}, Julien and {Desjardins}, Guillaume and {Dieleman}, Sander and {Dinh}, Laurent and {Ducoffe}, M{\'e}lanie and {Dumoulin}, Vincent and {Ebrahimi Kahou}, Samira and {Erhan}, Dumitru and {Fan}, Ziye and {Firat}, Orhan and {Germain}, Mathieu and {Glorot}, Xavier and {Goodfellow}, Ian and {Graham}, Matt and {Gulcehre}, Caglar and {Hamel}, Philippe and {Harlouchet}, Iban and {Heng}, Jean-Philippe and {Hidasi}, Bal{\'a}zs and {Honari}, Sina and {Jain}, Arjun and {Jean}, S{\'e}bastien and {Jia}, Kai and {Korobov}, Mikhail and {Kulkarni}, Vivek and {Lamb}, Alex and {Lamblin}, Pascal and {Larsen}, Eric and {Laurent}, C{\'e}sar and {Lee}, Sean and {Lefrancois}, Simon and {Lemieux}, Simon and {L{\'e}onard}, Nicholas and {Lin}, Zhouhan and {Livezey}, Jesse A. and {Lorenz}, Cory and {Lowin}, Jeremiah and {Ma}, Qianli and {Manzagol}, Pierre-Antoine and {Mastropietro}, Olivier and {McGibbon}, Robert T. and {Memisevic}, Roland and {van Merri{\"e}nboer}, Bart and {Michalski}, Vincent and {Mirza}, Mehdi and {Orlandi}, Alberto and {Pal}, Christopher and {Pascanu}, Razvan and {Pezeshki}, Mohammad and {Raffel}, Colin and {Renshaw}, Daniel and {Rocklin}, Matthew and {Romero}, Adriana and {Roth}, Markus and {Sadowski}, Peter and {Salvatier}, John and {Savard}, Fran{\c{c}}ois and {Schl{\"u}ter}, Jan and {Schulman}, John and {Schwartz}, Gabriel and {Vlad Serban}, Iulian and {Serdyuk}, Dmitriy and {Shabanian}, Samira and {Simon}, {\'E}tienne and {Spieckermann}, Sigurd and {Ramana Subramanyam}, S. and {Sygnowski}, Jakub and {Tanguay}, J{\'e}r{\'e}mie and {van Tulder}, Gijs and {Turian}, Joseph and {Urban}, Sebastian and {Vincent}, Pascal and {Visin}, Francesco and {de Vries}, Harm and {Warde-Farley}, David and {Webb}, Dustin J. and {Willson}, Matthew and {Xu}, Kelvin and {Xue}, Lijun and {Yao}, Li and {Zhang}, Saizheng and {Zhang}, Ying},
        title = "{Theano: A Python framework for fast computation of mathematical expressions}",
      journal = {arXiv e-prints},
     keywords = {Computer Science - Symbolic Computation, Computer Science - Machine Learning, Computer Science - Mathematical Software},
         year = 2016,
        month = may,
          eid = {arXiv:1605.02688},
        pages = {arXiv:1605.02688},
archivePrefix = {arXiv},
       eprint = {1605.02688},
 primaryClass = {cs.SC},
       adsurl = {https://ui.adsabs.harvard.edu/abs/2016arXiv160502688T},
      adsnote = {Provided by the SAO/NASA Astrophysics Data System}
}

@ARTICLE{luger18,
       author = {{Luger}, Rodrigo and {Kruse}, Ethan and {Foreman-Mackey}, Daniel and {Agol}, Eric and {Saunders}, Nicholas},
        title = "{An Update to the EVEREST K2 Pipeline: Short Cadence, Saturated Stars, and Kepler-like Photometry Down to Kp = 15}",
      journal = {\aj},
     keywords = {catalogs, planets and satellites: detection, techniques: photometric, Astrophysics - Instrumentation and Methods for Astrophysics, Astrophysics - Earth and Planetary Astrophysics},
         year = 2018,
        month = sep,
       volume = {156},
       number = {3},
          eid = {99},
        pages = {99},
          doi = {10.3847/1538-3881/aad230},
archivePrefix = {arXiv},
       eprint = {1702.05488},
 primaryClass = {astro-ph.IM},
       adsurl = {https://ui.adsabs.harvard.edu/abs/2018AJ....156...99L},
      adsnote = {Provided by the SAO/NASA Astrophysics Data System}
}

@ARTICLE{wang19,
       author = {{Wang}, Lile and {Dai}, Fei},
        title = "{Dusty Outflows in Planetary Atmospheres: Understanding {\textquotedblleft}Super-puffs{\textquotedblright} and Transmission Spectra of Sub-Neptunes}",
      journal = {\apjl},
     keywords = {methods: numerical, planets and satellites: atmospheres, planets and satellites: composition, planets and satellites: formation, planets and satellites: physical evolution, Astrophysics - Earth and Planetary Astrophysics},
         year = 2019,
        month = mar,
       volume = {873},
       number = {1},
          eid = {L1},
        pages = {L1},
          doi = {10.3847/2041-8213/ab0653},
archivePrefix = {arXiv},
       eprint = {1902.04188},
 primaryClass = {astro-ph.EP},
       adsurl = {https://ui.adsabs.harvard.edu/abs/2019ApJ...873L...1W},
      adsnote = {Provided by the SAO/NASA Astrophysics Data System}
}

@ARTICLE{Poppenhaeger2021,
       author = {{Poppenhaeger}, K. and {Ketzer}, L. and {Mallonn}, M.},
        title = "{X-ray irradiation and evaporation of the four young planets around V1298 Tau}",
      journal = {\mnras},
     keywords = {planets and satellites: atmospheres, planet-star interactions, stars: activity, stars: individual: V1298 Tau, X-rays: stars, Astrophysics - Earth and Planetary Astrophysics, Astrophysics - Solar and Stellar Astrophysics},
         year = 2021,
        month = jan,
       volume = {500},
       number = {4},
        pages = {4560-4572},
          doi = {10.1093/mnras/staa1462},
archivePrefix = {arXiv},
       eprint = {2005.10240},
 primaryClass = {astro-ph.EP},
       adsurl = {https://ui.adsabs.harvard.edu/abs/2021MNRAS.500.4560P},
      adsnote = {Provided by the SAO/NASA Astrophysics Data System}
}

@ARTICLE{Owen2020,
       author = {{Owen}, James E.},
        title = "{Constraining the entropy of formation from young transiting planet}",
      journal = {\mnras},
     keywords = {planets and satellites: formation, planets and satellites: individual: DS Tuc Ab, planets and satellites: interiors, stars: individual: V1298 Tau, Astrophysics - Earth and Planetary Astrophysics},
         year = 2020,
        month = nov,
       volume = {498},
       number = {4},
        pages = {5030-5040},
          doi = {10.1093/mnras/staa2784},
archivePrefix = {arXiv},
       eprint = {2009.03919},
 primaryClass = {astro-ph.EP},
       adsurl = {https://ui.adsabs.harvard.edu/abs/2020MNRAS.498.5030O},
      adsnote = {Provided by the SAO/NASA Astrophysics Data System}
}


@ARTICLE{gao20,
       author = {{Gao}, Peter and {Zhang}, Xi},
        title = "{Deflating Super-puffs: Impact of Photochemical Hazes on the Observed Mass-Radius Relationship of Low-mass Planets}",
      journal = {\apj},
     keywords = {487, 495, 2021, 491, 486, 498, Astrophysics - Earth and Planetary Astrophysics},
         year = 2020,
        month = feb,
       volume = {890},
       number = {2},
          eid = {93},
        pages = {93},
          doi = {10.3847/1538-4357/ab6a9b},
archivePrefix = {arXiv},
       eprint = {2001.00055},
 primaryClass = {astro-ph.EP},
       adsurl = {https://ui.adsabs.harvard.edu/abs/2020ApJ...890...93G},
      adsnote = {Provided by the SAO/NASA Astrophysics Data System}
}

@ARTICLE{crockett12,
       author = {{Crockett}, Christopher J. and {Mahmud}, Naved I. and {Prato}, L. and {Johns-Krull}, Christopher M. and {Jaffe}, Daniel T. and {Hartigan}, Patrick M. and {Beichman}, Charles A.},
        title = "{A Search for Giant Planet Companions to T Tauri Stars}",
      journal = {\apj},
     keywords = {planets and satellites: detection, stars: pre-main sequence, techniques: radial velocities, Astrophysics - Earth and Planetary Astrophysics},
         year = 2012,
        month = dec,
       volume = {761},
       number = {2},
          eid = {164},
        pages = {164},
          doi = {10.1088/0004-637X/761/2/164},
archivePrefix = {arXiv},
       eprint = {1211.1389},
 primaryClass = {astro-ph.EP},
       adsurl = {https://ui.adsabs.harvard.edu/abs/2012ApJ...761..164C},
      adsnote = {Provided by the SAO/NASA Astrophysics Data System}
}

@INBOOK{agol18,
       author = {{Agol}, Eric and {Fabrycky}, Daniel C.},
        title = "{Transit-Timing and Duration Variations for the Discovery and Characterization of Exoplanets}",
     keywords = {Physics, Astrophysics - Earth and Planetary Astrophysics, Astrophysics - Instrumentation and Methods for Astrophysics},
    booktitle = {Handbook of Exoplanets},
         year = 2018,
       editor = {{Deeg}, Hans J. and {Belmonte}, Juan Antonio},
          eid = {7},
        pages = {7},
          doi = {10.1007/978-3-319-55333-7\_7},
       adsurl = {https://ui.adsabs.harvard.edu/abs/2018haex.bookE...7A},
      adsnote = {Provided by the SAO/NASA Astrophysics Data System}
}

@ARTICLE{feinstein19,
       author = {{Feinstein}, Adina D. and {Montet}, Benjamin T. and {Foreman-Mackey}, Daniel and {Bedell}, Megan E. and {Saunders}, Nicholas and {Bean}, Jacob L. and {Christiansen}, Jessie L. and {Hedges}, Christina and {Luger}, Rodrigo and {Scolnic}, Daniel and {Cardoso}, Jos{\'e} Vin{\'\i}cius de Miranda},
        title = "{eleanor: An Open-source Tool for Extracting Light Curves from the TESS Full-frame Images}",
      journal = {\pasp},
     keywords = {Astrophysics - Instrumentation and Methods for Astrophysics, Astrophysics - Earth and Planetary Astrophysics, Astrophysics - Solar and Stellar Astrophysics},
         year = 2019,
        month = sep,
       volume = {131},
       number = {1003},
        pages = {094502},
          doi = {10.1088/1538-3873/ab291c},
archivePrefix = {arXiv},
       eprint = {1903.09152},
 primaryClass = {astro-ph.IM},
       adsurl = {https://ui.adsabs.harvard.edu/abs/2019PASP..131i4502F},
      adsnote = {Provided by the SAO/NASA Astrophysics Data System}
}

@ARTICLE{gu04,
       author = {{Gu}, Pin-Gao and {Bodenheimer}, Peter H. and {Lin}, Douglas N.~C.},
        title = "{The Internal Structural Adjustment Due to Tidal Heating of Short-Period Inflated Giant Planets}",
      journal = {\apj},
     keywords = {Stars: Planetary Systems, Planets and Satellites: General, Astrophysics},
         year = 2004,
        month = jun,
       volume = {608},
       number = {2},
        pages = {1076-1094},
          doi = {10.1086/420867},
archivePrefix = {arXiv},
       eprint = {astro-ph/0403083},
 primaryClass = {astro-ph},
       adsurl = {https://ui.adsabs.harvard.edu/abs/2004ApJ...608.1076G},
      adsnote = {Provided by the SAO/NASA Astrophysics Data System}
}

@ARTICLE{becker19,
       author = {{Becker}, Juliette C. and {Vanderburg}, Andrew and {Rodriguez}, Joseph E. and {Omohundro}, Mark and {Adams}, Fred C. and {Stassun}, Keivan G. and {Yao}, Xinyu and {Hartman}, Joel and {Pepper}, Joshua and {Bakos}, Gaspar and {Barentsen}, Geert and {Beatty}, Thomas G. and {Bhatti}, Waqas and {Chontos}, Ashley and {Collier Cameron}, Andrew and {Hellier}, Coel and {Huber}, Daniel and {James}, David and {Kuhn}, Rudolf B. and {Lund}, Michael B. and {Pollacco}, Don and {Siverd}, Robert J. and {Stevens}, Daniel J. and {Cardoso}, Jos{\'e} Vin{\'\i}cius de Miranda and {West}, Richard},
        title = "{A Discrete Set of Possible Transit Ephemerides for Two Long-period Gas Giants Orbiting HIP 41378}",
      journal = {\aj},
     keywords = {planets and satellites: detection, planets and satellites: gaseous planets, Astrophysics - Earth and Planetary Astrophysics},
         year = 2019,
        month = jan,
       volume = {157},
       number = {1},
          eid = {19},
        pages = {19},
          doi = {10.3847/1538-3881/aaf0a2},
archivePrefix = {arXiv},
       eprint = {1809.10688},
 primaryClass = {astro-ph.EP},
       adsurl = {https://ui.adsabs.harvard.edu/abs/2019AJ....157...19B},
      adsnote = {Provided by the SAO/NASA Astrophysics Data System}
}

@ARTICLE{luger21,
       author = {{Luger}, Rodrigo and {Bedell}, Megan and {Foreman-Mackey}, Daniel and {Crossfield}, Ian J.~M. and {Zhao}, Lily L. and {Hogg}, David W.},
        title = "{Mapping stellar surfaces III: An Efficient, Scalable, and Open-Source Doppler Imaging Model}",
      journal = {arXiv e-prints},
     keywords = {Astrophysics - Solar and Stellar Astrophysics, Astrophysics - Earth and Planetary Astrophysics, Astrophysics - Instrumentation and Methods for Astrophysics},
         year = 2021,
        month = oct,
          eid = {arXiv:2110.06271},
        pages = {arXiv:2110.06271},
archivePrefix = {arXiv},
       eprint = {2110.06271},
 primaryClass = {astro-ph.SR},
       adsurl = {https://ui.adsabs.harvard.edu/abs/2021arXiv211006271L},
      adsnote = {Provided by the SAO/NASA Astrophysics Data System}
}

@article{astropy:2013,
Adsnote = {Provided by the SAO/NASA Astrophysics Data System},
Adsurl = {http://adsabs.harvard.edu/abs/2013A%26A...558A..33A},
Archiveprefix = {arXiv},
Author = {{Astropy Collaboration} and {Robitaille}, T.~P. and {Tollerud}, E.~J. and {Greenfield}, P. and {Droettboom}, M. and {Bray}, E. and {Aldcroft}, T. and {Davis}, M. and {Ginsburg}, A. and {Price-Whelan}, A.~M. and {Kerzendorf}, W.~E. and {Conley}, A. and {Crighton}, N. and {Barbary}, K. and {Muna}, D. and {Ferguson}, H. and {Grollier}, F. and {Parikh}, M.~M. and {Nair}, P.~H. and {Unther}, H.~M. and {Deil}, C. and {Woillez}, J. and {Conseil}, S. and {Kramer}, R. and {Turner}, J.~E.~H. and {Singer}, L. and {Fox}, R. and {Weaver}, B.~A. and {Zabalza}, V. and {Edwards}, Z.~I. and {Azalee Bostroem}, K. and {Burke}, D.~J. and {Casey}, A.~R. and {Crawford}, S.~M. and {Dencheva}, N. and {Ely}, J. and {Jenness}, T. and {Labrie}, K. and {Lim}, P.~L. and {Pierfederici}, F. and {Pontzen}, A. and {Ptak}, A. and {Refsdal}, B. and {Servillat}, M. and {Streicher}, O.},
Doi = {10.1051/0004-6361/201322068},
Eid = {A33},
Eprint = {1307.6212},
Journal = {\aap},
Keywords = {methods: data analysis, methods: miscellaneous, virtual observatory tools},
Month = oct,
Pages = {A33},
Primaryclass = {astro-ph.IM},
Title = {{Astropy: A community Python package for astronomy}},
Volume = 558,
Year = 2013,
Bdsk-Url-1 = {https://dx.doi.org/10.1051/0004-6361/201322068}}

@article{astropy18,
Adsnote = {Provided by the SAO/NASA Astrophysics Data System},
Adsurl = {https://ui.adsabs.harvard.edu/#abs/2018AJ....156..123T},
Author = {{Price-Whelan}, A.~M. and {Sip{\H{o}}cz}, B.~M. and {G{\"u}nther}, H.~M. and {Lim}, P.~L. and {Crawford}, S.~M. and {Conseil}, S. and {Shupe}, D.~L. and {Craig}, M.~W. and {Dencheva}, N. and {Ginsburg}, A. and {VanderPlas}, J.~T. and {Bradley}, L.~D. and {P{\'e}rez-Su{\'a}rez}, D. and {de Val-Borro}, M. and {Paper Contributors}, (Primary and {Aldcroft}, T.~L. and {Cruz}, K.~L. and {Robitaille}, T.~P. and {Tollerud}, E.~J. and {Coordination Committee}, (Astropy and {Ardelean}, C. and {Babej}, T. and {Bach}, Y.~P. and {Bachetti}, M. and {Bakanov}, A.~V. and {Bamford}, S.~P. and {Barentsen}, G. and {Barmby}, P. and {Baumbach}, A. and {Berry}, K.~L. and {Biscani}, F. and {Boquien}, M. and {Bostroem}, K.~A. and {Bouma}, L.~G. and {Brammer}, G.~B. and {Bray}, E.~M. and {Breytenbach}, H. and {Buddelmeijer}, H. and {Burke}, D.~J. and {Calderone}, G. and {Cano Rodr{\'\i}guez}, J.~L. and {Cara}, M. and {Cardoso}, J.~V.~M. and {Cheedella}, S. and {Copin}, Y. and {Corrales}, L. and {Crichton}, D. and {D{\textquoteright}Avella}, D. and {Deil}, C. and {Depagne}, {\'E}. and {Dietrich}, J.~P. and {Donath}, A. and {Droettboom}, M. and {Earl}, N. and {Erben}, T. and {Fabbro}, S. and {Ferreira}, L.~A. and {Finethy}, T. and {Fox}, R.~T. and {Garrison}, L.~H. and {Gibbons}, S.~L.~J. and {Goldstein}, D.~A. and {Gommers}, R. and {Greco}, J.~P. and {Greenfield}, P. and {Groener}, A.~M. and {Grollier}, F. and {Hagen}, A. and {Hirst}, P. and {Homeier}, D. and {Horton}, A.~J. and {Hosseinzadeh}, G. and {Hu}, L. and {Hunkeler}, J.~S. and {Ivezi{\'c}}, {\v{Z}}. and {Jain}, A. and {Jenness}, T. and {Kanarek}, G. and {Kendrew}, S. and {Kern}, N.~S. and {Kerzendorf}, W.~E. and {Khvalko}, A. and {King}, J. and {Kirkby}, D. and {Kulkarni}, A.~M. and {Kumar}, A. and {Lee}, A. and {Lenz}, D. and {Littlefair}, S.~P. and {Ma}, Z. and {Macleod}, D.~M. and {Mastropietro}, M. and {McCully}, C. and {Montagnac}, S. and {Morris}, B.~M. and {Mueller}, M. and {Mumford}, S.~J. and {Muna}, D. and {Murphy}, N.~A. and {Nelson}, S. and {Nguyen}, G.~H. and {Ninan}, J.~P. and {N{\"o}the}, M. and {Ogaz}, S. and {Oh}, S. and {Parejko}, J.~K. and {Parley}, N. and {Pascual}, S. and {Patil}, R. and {Patil}, A.~A. and {Plunkett}, A.~L. and {Prochaska}, J.~X. and {Rastogi}, T. and {Reddy Janga}, V. and {Sabater}, J. and {Sakurikar}, P. and {Seifert}, M. and {Sherbert}, L.~E. and {Sherwood-Taylor}, H. and {Shih}, A.~Y. and {Sick}, J. and {Silbiger}, M.~T. and {Singanamalla}, S. and {Singer}, L.~P. and {Sladen}, P.~H. and {Sooley}, K.~A. and {Sornarajah}, S. and {Streicher}, O. and {Teuben}, P. and {Thomas}, S.~W. and {Tremblay}, G.~R. and {Turner}, J.~E.~H. and {Terr{\'o}n}, V. and {van Kerkwijk}, M.~H. and {de la Vega}, A. and {Watkins}, L.~L. and {Weaver}, B.~A. and {Whitmore}, J.~B. and {Woillez}, J. and {Zabalza}, V. and {Contributors}, (Astropy},
Doi = {10.3847/1538-3881/aabc4f},
Eid = {123},
Journal = {\aj},
Keywords = {methods: data analysis, methods: miscellaneous, methods: statistical, reference systems, Astrophysics - Instrumentation and Methods for Astrophysics},
Month = Sep,
Pages = {123},
Primaryclass = {astro-ph.IM},
Title = {{The Astropy Project: Building an Open-science Project and Status of the v2.0 Core Package}},
Volume = {156},
Year = 2018,
Bdsk-Url-1 = {https://doi.org/10.3847/1538-3881/aabc4f}}

@ARTICLE{astroquery19,
       author = {{Ginsburg}, Adam and {Sip{\H{o}}cz}, Brigitta M. and {Brasseur}, C.~E. and
         {Cowperthwaite}, Philip S. and {Craig}, Matthew W. and
         {Deil}, Christoph and {Guillochon}, James and {Guzman}, Giannina and
         {Liedtke}, Simon and {Lian Lim}, Pey and {Lockhart}, Kelly E. and
         {Mommert}, Michael and {Morris}, Brett M. and {Norman}, Henrik and
         {Parikh}, Madhura and {Persson}, Magnus V. and {Robitaille}, Thomas P. and
         {Segovia}, Juan-Carlos and {Singer}, Leo P. and {Tollerud}, Erik J. and
         {de Val-Borro}, Miguel and {Valtchanov}, Ivan and {Woillez}, Julien and
         {Astroquery Collaboration} and {a subset of astropy Collaboration}},
        title = "{astroquery: An Astronomical Web-querying Package in Python}",
      journal = {\aj},
     keywords = {astronomical databases: miscellaneous, virtual observatory tools, Astrophysics - Instrumentation and Methods for Astrophysics},
         year = 2019,
        month = mar,
       volume = {157},
       number = {3},
          eid = {98},
        pages = {98},
          doi = {10.3847/1538-3881/aafc33},
archivePrefix = {arXiv},
       eprint = {1901.04520},
 primaryClass = {astro-ph.IM},
       adsurl = {https://ui.adsabs.harvard.edu/abs/2019AJ....157...98G},
      adsnote = {Provided by the SAO/NASA Astrophysics Data System}
}

@article{numpy,
elle L. and {Rice}, Malena and {Blunt}, Sarah and {Rubenzahl}, Ryan and {Dalba}, Paul A. and {Esquerdo}, Gilbert A. and {Berlind}, Perry and {Calkins}, Michael L. and {Foreman-Mackey}, Daniel},
        title = "{An Aligned Orbit for the Young Planet V1298 Tau b}",
      journal = {arXiv e-prints},
     keywords = {Astrophysics - Earth and Planetary Astrophysics, Astrophysics - Solar and Stellar Astrophysics},
         year = 2021,
        month = oct,
          eid = {arXiv:2110.10707},
        pages = {arXiv:2110.10707},
archivePrefix = {arXiv},
       eprint = {2110.10707},
 primaryClass = {astro-ph.EP},
       adsurl = {https://ui.adsabs.harvard.edu/abs/2021arXiv211010707J},
      adsnote = {Provided by the SAO/NASA Astrophysics Data System}
}

@ARTICLE{gaidos21,
       author = {{Gaidos}, E. and {Hirano}, T. and {Beichman}, C. and {Livingston}, J. and {Harakawa}, H. and {Hodapp}, K.~W. and {Ishizuka}, M. and {Jacobson}, S. and {Konishi}, M. and {Kotani}, T. and {Kudo}, T. and {Kurokawa}, T. and {Kuzuhara}, M. and {Nishikawa}, J. and {Omiya}, M. and {Serizawa}, T. and {Tamura}, M. and {Ueda}, A. and {Vievard}, S.},
        title = "{Zodiacal Exoplanets in Time (ZEIT) XIII: Planet Orbits and Atmospheres in the V1298 Tau System, a Keystone in Studies of Early Planetary Evolution}",
      journal = {arXiv e-prints},
     keywords = {Astrophysics - Earth and Planetary Astrophysics, Astrophysics - Astrophysics of Galaxies, Astrophysics - Solar and Stellar Astrophysics},
         year = 2021,
        month = oct,
          eid = {arXiv:2110.10689},
        pages = {arXiv:2110.10689},
archivePrefix = {arXiv},
       eprint = {2110.10689},
 primaryClass = {astro-ph.EP},
       adsurl = {https://ui.adsabs.harvard.edu/abs/2021arXiv211010689G},
      adsnote = {Provided by the SAO/NASA Astrophysics Data System}
}

@ARTICLE{Akeson2013,
       author = {{Akeson}, R.~L. and {Chen}, X. and {Ciardi}, D. and {Crane}, M. and {Good}, J. and {Harbut}, M. and {Jackson}, E. and {Kane}, S.~R. and {Laity}, A.~C. and {Leifer}, S. and {Lynn}, M. and {McElroy}, D.~L. and {Papin}, M. and {Plavchan}, P. and {Ram{\'\i}rez}, S.~V. and {Rey}, R. and {von Braun}, K. and {Wittman}, M. and {Abajian}, M. and {Ali}, B. and {Beichman}, C. and {Beekley}, A. and {Berriman}, G.~B. and {Berukoff}, S. and {Bryden}, G. and {Chan}, B. and {Groom}, S. and {Lau}, C. and {Payne}, A.~N. and {Regelson}, M. and {Saucedo}, M. and {Schmitz}, M. and {Stauffer}, J. and {Wyatt}, P. and {Zhang}, A.},
        title = "{The NASA Exoplanet Archive: Data and Tools for Exoplanet Research}",
      journal = {\pasp},
     keywords = {Astrophysics - Instrumentation and Methods for Astrophysics, Astrophysics - Earth and Planetary Astrophysics},
         year = 2013,
        month = aug,
       volume = {125},
       number = {930},
        pages = {989},
          doi = {10.1086/672273},
archivePrefix = {arXiv},
       eprint = {1307.2944},
 primaryClass = {astro-ph.IM},
       adsurl = {https://ui.adsabs.harvard.edu/abs/2013PASP..125..989A},
      adsnote = {Provided by the SAO/NASA Astrophysics Data System}
}

@ARTICLE{morris17,
       author = {{Morris}, Brett M. and {Hebb}, Leslie and {Davenport}, James R.~A. and {Rohn}, Graeme and {Hawley}, Suzanne L.},
        title = "{The Starspots of HAT-P-11: Evidence for a Solar-like Dynamo}",
      journal = {\apj},
     keywords = {stars: activity, stars: magnetic field, starspots, sunspots, Astrophysics - Solar and Stellar Astrophysics, Astrophysics - Earth and Planetary Astrophysics},
         year = 2017,
        month = sep,
       volume = {846},
       number = {2},
          eid = {99},
        pages = {99},
          doi = {10.3847/1538-4357/aa8555},
archivePrefix = {arXiv},
       eprint = {1708.02583},
 primaryClass = {astro-ph.SR},
       adsurl = {https://ui.adsabs.harvard.edu/abs/2017ApJ...846...99M},
      adsnote = {Provided by the SAO/NASA Astrophysics Data System}
}

@ARTICLE{deMooij12,
       author = {{de Mooij}, E.~J.~W. and {Brogi}, M. and {de Kok}, R.~J. and {Koppenhoefer}, J. and {Nefs}, S.~V. and {Snellen}, I.~A.~G. and {Greiner}, J. and {Hanse}, J. and {Heinsbroek}, R.~C. and {Lee}, C.~H. and {van der Werf}, P.~P.},
        title = "{Optical to near-infrared transit observations of super-Earth GJ 1214b: water-world or mini-Neptune?}",
      journal = {\aap},
     keywords = {techniques: photometric, stars: individual: GJ 1214, planetary systems, Astrophysics - Earth and Planetary Astrophysics},
         year = 2012,
        month = feb,
       volume = {538},
          eid = {A46},
        pages = {A46},
          doi = {10.1051/0004-6361/201117205},
archivePrefix = {arXiv},
       eprint = {1111.2628},
 primaryClass = {astro-ph.EP},
       adsurl = {https://ui.adsabs.harvard.edu/abs/2012A&A...538A..46D},
      adsnote = {Provided by the SAO/NASA Astrophysics Data System}
}



@ARTICLE{carter09,
       author = {{Carter}, Joshua A. and {Winn}, Joshua N. and {Gilliland}, Ronald and {Holman}, Matthew J.},
        title = "{Near-Infrared Transit Photometry of the Exoplanet HD 149026b}",
      journal = {\apj},
     keywords = {planetary systems, stars: individual: HD 149026, techniques: photometric, stars: fundamental parameters, Astrophysics - Earth and Planetary Astrophysics},
         year = 2009,
        month = may,
       volume = {696},
       number = {1},
        pages = {241-253},
          doi = {10.1088/0004-637X/696/1/241},
archivePrefix = {arXiv},
       eprint = {0902.1542},
 primaryClass = {astro-ph.EP},
       adsurl = {https://ui.adsabs.harvard.edu/abs/2009ApJ...696..241C},
      adsnote = {Provided by the SAO/NASA Astrophysics Data System}
}

@software{lmfit,
  author       = {Matt Newville and
                  Renee Otten and
                  Andrew Nelson and
                  Antonino Ingargiola and
                  Till Stensitzki and
                  Dan Allan and
                  Austin Fox and
                  Faustin Carter and
                  Michał and
                  Dima Pustakhod and
                  lneuhaus and
                  Sebastian Weigand and
                  Ray Osborn and
                  Glenn and
                  Christoph Deil and
                  Mark and
                  Allan L. R. Hansen and
                  Gustavo Pasquevich and
                  Leon Foks and
                  Nicholas Zobrist and
                  Oliver Frost and
                  Alexandre Beelen and
                  Stuermer and
                  kwertyops and
                  Anthony Polloreno and
                  Shane Caldwell and
                  Anthony Almarza and
                  Arun Persaud and
                  Ben Gamari and
                  Benjamin F. Maier},
  title        = {lmfit/lmfit-py 1.0.2},
  month        = feb,
  year         = 2021,
  publisher    = {Zenodo},
  version      = {1.0.2},
  doi          = {10.5281/zenodo.4516651},
  url          = {https://doi.org/10.5281/zenodo.4516651}
}

@ARTICLE{line21,
       author = {{Line}, Michael R. and {Brogi}, Matteo and {Bean}, Jacob L. and {Gandhi}, Siddharth and {Zalesky}, Joseph and {Parmentier}, Vivien and {Smith}, Peter and {Mace}, Gregory N. and {Mansfield}, Megan and {Kempton}, Eliza M. -R. and {Fortney}, Jonathan J. and {Shkolnik}, Evgenya and {Patience}, Jennifer and {Rauscher}, Emily and {D{\'e}sert}, Jean-Michel and {Wardenier}, Joost P.},
        title = "{A solar C/O and sub-solar metallicity in a hot Jupiter atmosphere}",
      journal = {arXiv e-prints},
     keywords = {Astrophysics - Earth and Planetary Astrophysics},
         year = 2021,
        month = oct,
          eid = {arXiv:2110.14821},
        pages = {arXiv:2110.14821},
archivePrefix = {arXiv},
       eprint = {2110.14821},
 primaryClass = {astro-ph.EP},
       adsurl = {https://ui.adsabs.harvard.edu/abs/2021arXiv211014821L},
      adsnote = {Provided by the SAO/NASA Astrophysics Data System}
}

